@PHDTHESIS{Gillet07thesis,
    author = {Gillet, O.},
    title = {Transcription des signaux percussifs. Application à l'analyse de scènes musicales audiovisuelles},
    year = {2007},
    school = {Telecom ParisTech},
}
@INPROCEEDINGS{Gillet04, 
    author = {Gillet, O. and Richard, G.}, 
    title = {Automatic transcription of drum loops}, 
    year = {2004}, 
    booktitle = {Proceedings of ICASSP}, 
}
@INPROCEEDINGS{Gillet06,
    author = {Gillet, O. and Richard, G.},
    title = {Enst-drums: an extensive audio-visual database for drum signals processing},
    year = {2006},
    booktitle = {Proceedings of ISMIR},
}
@INPROCEEDINGS{Herrera02,
    author = {Herrera, P. and Yeterian, A. and Yeterian, R. and Gouyon, F.},
    title = {Automatic Classification of Drum Sounds: A Comparison of Feature Selection and Classification Techniques},
    year = {2002},
    booktitle = {Proceedings of ICMAI},
}
